%% This BibTeX bibliography file was created using BibDesk.
%% http://bibdesk.sourceforge.net/


%% Created for Sebastian at 2014-05-26 12:35:53 +0200 


%% Saved with string encoding Unicode (UTF-8) 



@url{u:pdf,
	Author = {Author},
	Date-Added = {2014-05-26 10:23:37 +0000},
	Date-Modified = {2014-05-26 10:27:36 +0000},
	Keywords = {Keyword1, Keyword2},
	Lastchecked = {2014-05-26},
	Title = {Title},
	Urldate = {2014-04-01}}

@book{b:buch,
	Author = {Max Mustermann},
	Publisher = {Verlag},
	Title = {Ich bin das erste Buch},
	Year = {2014}}

@book{b:latex,
	Author = {Anselm Lingnau},
	Isbn = {3897214776},
	Note = {Your notes},
	Publisher = {O'Reilly},
	Title = {LaTeX Hacks},
	Year = {2007}}

@book{b:komascript,
	Author = {Markus Kohm and Jens U Morawski},
	Publisher = {Lehmanns},
	Title = {KOMA-Script - Die Anleitung: Eine Sammlung von Klassen und Paketen f{\"u}r LaTeX 2e},
	Year = {2008}}

@webpage{w:website,
	Author = {Sebastian Nemak},
	Date-Modified = {2014-05-26 10:34:03 +0000},
	Lastchecked = {2014-05-26},
	Note = {Zugriff: 26.05.2014, Archiviert mit WebCite: \url{http://www.webcitation.org}},
	Title = {Webseite von Sebastian Nemak},
	Url = {http://der-basti.com},
	Bdsk-Url-1 = {http://der-basti.com}}
